<record><leader>00000cas a22000007a 4500</leader><controlfield tag="001">18922892</controlfield><controlfield tag="008">881219d19691970aruwr ne      0    0eng d</controlfield><datafield ind1=" " ind2=" " tag="010"><subfield code="a">sn 88051161 </subfield></datafield><datafield ind1=" " ind2=" " tag="040"><subfield code="a">ANU</subfield><subfield code="b">eng</subfield><subfield code="c">ANU</subfield><subfield code="d">OCLCQ</subfield></datafield><datafield ind1=" " ind2=" " tag="042"><subfield code="a">msc</subfield></datafield><datafield ind1="0" ind2="0" tag="245"><subfield code="a">Maysville tribune.</subfield></datafield><datafield ind1=" " ind2=" " tag="260"><subfield code="a">Maysville, Benton County, Ark. :</subfield><subfield code="b">Dewey Taft</subfield></datafield><datafield ind1=" " ind2=" " tag="300"><subfield code="a">v.</subfield></datafield><datafield ind1=" " ind2=" " tag="310"><subfield code="a">Weekly</subfield></datafield><datafield ind1="1" ind2=" " tag="362"><subfield code="a">Began with Mar. 6, 1969 issue; ceased in 1970.</subfield></datafield><datafield ind1=" " ind2=" " tag="588"><subfield code="a">Description based on: Vol. 1, no. 18 (July 3, 1969).</subfield></datafield><datafield ind1=" " ind2="4" tag="651"><subfield code="a">Maysville (Ark.)</subfield><subfield code="v">Newspapers.</subfield></datafield><datafield ind1=" " ind2="4" tag="651"><subfield code="a">Benton County (Ark.)</subfield><subfield code="v">Newspapers.</subfield></datafield><datafield ind1=" " ind2="4" tag="651"><subfield code="a">Delaware County (Okla.)</subfield><subfield code="v">Newspapers.</subfield></datafield><datafield ind1=" " ind2="4" tag="651"><subfield code="a">McDonald County (Mo.)</subfield><subfield code="v">Newspapers.</subfield></datafield><datafield ind1=" " ind2=" " tag="752"><subfield code="a">United States</subfield><subfield code="b">Arkansas</subfield><subfield code="c">Benton</subfield><subfield code="d">Maysville.</subfield></datafield><datafield ind1="0" ind2="0" tag="785"><subfield code="t">Ozarks pioneer</subfield><subfield code="w">(DLC)sn 89051070</subfield></datafield></record>